<?xml version='1.0' encoding='UTF-8'?>
<Document xmlns="urn:iso:std:iso:20022:tech:xsd:camt.053.001.08" xmlns:xsi="http://www.w3.org/2001/XMLSchema-instance" xsi:schemaLocation="urn:iso:std:iso:20022:tech:xsd:camt.053.001.08 ./camt.053.001.08.xsd">
  <BkToCstmrStmt>
    <GrpHdr>
      <MsgId>BCS23732108701202501167699</MsgId>
      <CreDtTm>2025-01-16T04:15:15.957</CreDtTm>
    </GrpHdr>
    <Stmt>
      <Id>192223263</Id>
      <LglSeqNb>6</LglSeqNb>
      <CreDtTm>2025-01-16T04:15:15.958</CreDtTm>
      <FrToDt>
        <FrDtTm>2025-01-15T00:00:00.000</FrDtTm>
        <ToDtTm>2025-01-15T23:59:59.999</ToDtTm>
      </FrToDt>
      <RptgSrc>
        <Prtry>ZABAHR2XXXX92963223473</Prtry>
      </RptgSrc>
      <Acct>
        <Id>
          <IBAN>HR2423600001102568092</IBAN>
        </Id>
        <Ccy>EUR</Ccy>
        <Nm>redovan račun vrste 11</Nm>
        <Ownr>
          <Nm>EBIZ D.O.O.</Nm>
          <PstlAdr>
            <AdrLine>ZAGREB</AdrLine>
            <AdrLine>PRISAVLJE 10</AdrLine>
          </PstlAdr>
          <Id>
            <OrgId>
              <Othr>
                <Id>23732108701</Id>
              </Othr>
            </OrgId>
          </Id>
        </Ownr>
      </Acct>
      <Bal>
        <Tp>
          <CdOrPrtry>
            <Cd>OPBD</Cd>
          </CdOrPrtry>
        </Tp>
        <Amt Ccy="EUR">7049.41</Amt>
        <CdtDbtInd>CRDT</CdtDbtInd>
        <Dt>
          <Dt>2025-01-15</Dt>
        </Dt>
      </Bal>
      <Bal>
        <Tp>
          <CdOrPrtry>
            <Cd>CLBD</Cd>
          </CdOrPrtry>
        </Tp>
        <Amt Ccy="EUR">6916.69</Amt>
        <CdtDbtInd>CRDT</CdtDbtInd>
        <Dt>
          <Dt>2025-01-15</Dt>
        </Dt>
      </Bal>
      <TxsSummry>
        <TtlCdtNtries>
          <NbOfNtries>0</NbOfNtries>
          <Sum>0.00</Sum>
        </TtlCdtNtries>
        <TtlDbtNtries>
          <NbOfNtries>2</NbOfNtries>
          <Sum>132.72</Sum>
        </TtlDbtNtries>
      </TxsSummry>
      <Ntry>
        <Amt Ccy="EUR">66.36</Amt>
        <CdtDbtInd>DBIT</CdtDbtInd>
        <RvslInd>false</RvslInd>
        <Sts>
          <Cd>BOOK</Cd>
        </Sts>
        <BookgDt>
          <DtTm>2025-01-15T15:10:06.157</DtTm>
        </BookgDt>
        <ValDt>
          <Dt>2025-01-15</Dt>
        </ValDt>
        <AcctSvcrRef>HTN01250115058513846213</AcctSvcrRef>
        <BkTxCd>
          <Domn>
            <Cd>PMNT</Cd>
            <Fmly>
              <Cd>ICDT</Cd>
              <SubFmlyCd>STDO</SubFmlyCd>
            </Fmly>
          </Domn>
        </BkTxCd>
        <NtryDtls>
          <TxDtls>
            <Refs>
              <AcctSvcrRef>H180250150017291</AcctSvcrRef>
              <EndToEndId>HR99</EndToEndId>
            </Refs>
            <AmtDtls>
              <TxAmt>
                <Amt Ccy="EUR">66.36</Amt>
              </TxAmt>
            </AmtDtls>
            <RltdPties>
              <Cdtr>
                <Pty>
                  <Nm>ALLIANZ ZB D.O.O.-AZ PROFIT DOBROVOLJNI MIROVINSKI FOND</Nm>
                  <PstlAdr>
                    <AdrLine>I. LUČIĆA 2A/XIV</AdrLine>
                    <AdrLine>ZAGREB</AdrLine>
                  </PstlAdr>
                </Pty>
              </Cdtr>
              <CdtrAcct>
                <Id>
                  <IBAN>HR9523600001300050957</IBAN>
                </Id>
              </CdtrAcct>
            </RltdPties>
            <RmtInf>
              <Strd>
                <CdtrRefInf>
                  <Tp>
                    <CdOrPrtry>
                      <Cd>SCOR</Cd>
                    </CdOrPrtry>
                  </Tp>
                  <Ref>HR05101213921-23732108701</Ref>
                </CdtrRefInf>
                <AddtlRmtInf>UPLATA ZA DOBROV MIROV.šTEDNJU BR.PONUDE</AddtlRmtInf>
              </Strd>
            </RmtInf>
          </TxDtls>
        </NtryDtls>
      </Ntry>
      <Ntry>
        <Amt Ccy="EUR">66.36</Amt>
        <CdtDbtInd>DBIT</CdtDbtInd>
        <RvslInd>false</RvslInd>
        <Sts>
          <Cd>BOOK</Cd>
        </Sts>
        <BookgDt>
          <DtTm>2025-01-15T15:10:06.277</DtTm>
        </BookgDt>
        <ValDt>
          <Dt>2025-01-15</Dt>
        </ValDt>
        <AcctSvcrRef>HTN01250115058513926213</AcctSvcrRef>
        <BkTxCd>
          <Domn>
            <Cd>PMNT</Cd>
            <Fmly>
              <Cd>ICDT</Cd>
              <SubFmlyCd>STDO</SubFmlyCd>
            </Fmly>
          </Domn>
        </BkTxCd>
        <NtryDtls>
          <TxDtls>
            <Refs>
              <AcctSvcrRef>H180250150017297</AcctSvcrRef>
              <EndToEndId>HR99</EndToEndId>
            </Refs>
            <AmtDtls>
              <TxAmt>
                <Amt Ccy="EUR">66.36</Amt>
              </TxAmt>
            </AmtDtls>
            <RltdPties>
              <Cdtr>
                <Pty>
                  <Nm>ALLIANZ ZB D.O.O.-AZ PROFIT DOBROVOLJNI MIROVINSKI FOND</Nm>
                  <PstlAdr>
                    <AdrLine>I. LUČIĆA 2A/XIV</AdrLine>
                    <AdrLine>ZAGREB</AdrLine>
                  </PstlAdr>
                </Pty>
              </Cdtr>
              <CdtrAcct>
                <Id>
                  <IBAN>HR9523600001300050957</IBAN>
                </Id>
              </CdtrAcct>
            </RltdPties>
            <RmtInf>
              <Strd>
                <CdtrRefInf>
                  <Tp>
                    <CdOrPrtry>
                      <Cd>SCOR</Cd>
                    </CdOrPrtry>
                  </Tp>
                  <Ref>HR05101213905-23732108701</Ref>
                </CdtrRefInf>
                <AddtlRmtInf>UPLATA ZA DOBROVOLJNU MIROV ŠTEDNJU BR.PONUDE</AddtlRmtInf>
              </Strd>
            </RmtInf>
          </TxDtls>
        </NtryDtls>
      </Ntry>
    </Stmt>
  </BkToCstmrStmt>
</Document>
