<?xml version='1.0' encoding='UTF-8'?>
<Document xmlns="urn:iso:std:iso:20022:tech:xsd:camt.053.001.08" xmlns:xsi="http://www.w3.org/2001/XMLSchema-instance" xsi:schemaLocation="urn:iso:std:iso:20022:tech:xsd:camt.053.001.08 ./camt.053.001.08.xsd">
  <BkToCstmrStmt>
    <GrpHdr>
      <MsgId>BCS23732108701202501263469</MsgId>
      <CreDtTm>2025-01-26T04:02:15.324</CreDtTm>
    </GrpHdr>
    <Stmt>
      <Id>192511079</Id>
      <LglSeqNb>11</LglSeqNb>
      <CreDtTm>2025-01-26T04:02:15.325</CreDtTm>
      <FrToDt>
        <FrDtTm>2025-01-25T00:00:00.000</FrDtTm>
        <ToDtTm>2025-01-25T23:59:59.999</ToDtTm>
      </FrToDt>
      <RptgSrc>
        <Prtry>ZABAHR2XXXX92963223473</Prtry>
      </RptgSrc>
      <Acct>
        <Id>
          <IBAN>HR2423600001102568092</IBAN>
        </Id>
        <Ccy>EUR</Ccy>
        <Nm>redovan račun vrste 11</Nm>
        <Ownr>
          <Nm>EBIZ D.O.O.</Nm>
          <PstlAdr>
            <AdrLine>ZAGREB</AdrLine>
            <AdrLine>PRISAVLJE 10</AdrLine>
          </PstlAdr>
          <Id>
            <OrgId>
              <Othr>
                <Id>23732108701</Id>
              </Othr>
            </OrgId>
          </Id>
        </Ownr>
      </Acct>
      <Bal>
        <Tp>
          <CdOrPrtry>
            <Cd>OPBD</Cd>
          </CdOrPrtry>
        </Tp>
        <Amt Ccy="EUR">1413.20</Amt>
        <CdtDbtInd>CRDT</CdtDbtInd>
        <Dt>
          <Dt>2025-01-25</Dt>
        </Dt>
      </Bal>
      <Bal>
        <Tp>
          <CdOrPrtry>
            <Cd>CLBD</Cd>
          </CdOrPrtry>
        </Tp>
        <Amt Ccy="EUR">489.74</Amt>
        <CdtDbtInd>CRDT</CdtDbtInd>
        <Dt>
          <Dt>2025-01-25</Dt>
        </Dt>
      </Bal>
      <TxsSummry>
        <TtlCdtNtries>
          <NbOfNtries>0</NbOfNtries>
          <Sum>0.00</Sum>
        </TtlCdtNtries>
        <TtlDbtNtries>
          <NbOfNtries>1</NbOfNtries>
          <Sum>923.46</Sum>
        </TtlDbtNtries>
      </TxsSummry>
      <Ntry>
        <Amt Ccy="EUR">923.46</Amt>
        <CdtDbtInd>DBIT</CdtDbtInd>
        <RvslInd>false</RvslInd>
        <Sts>
          <Cd>BOOK</Cd>
        </Sts>
        <BookgDt>
          <DtTm>2025-01-25T06:25:46.904</DtTm>
        </BookgDt>
        <ValDt>
          <Dt>2025-01-25</Dt>
        </ValDt>
        <AcctSvcrRef>HPKR1250125077804366213</AcctSvcrRef>
        <BkTxCd>
          <Domn>
            <Cd>PMNT</Cd>
            <Fmly>
              <Cd>ICDT</Cd>
              <SubFmlyCd>DMCT</SubFmlyCd>
            </Fmly>
          </Domn>
        </BkTxCd>
        <NtryDtls>
          <TxDtls>
            <Refs>
              <AcctSvcrRef>H180250250014735</AcctSvcrRef>
              <EndToEndId>HR99</EndToEndId>
            </Refs>
            <AmtDtls>
              <TxAmt>
                <Amt Ccy="EUR">923.46</Amt>
              </TxAmt>
            </AmtDtls>
            <RltdPties>
              <Cdtr>
                <Pty>
                  <Nm>EBIZ D.O.O.</Nm>
                  <PstlAdr>
                    <AdrLine>PRISAVLJE 10</AdrLine>
                    <AdrLine>ZAGREB</AdrLine>
                  </PstlAdr>
                </Pty>
              </Cdtr>
              <CdtrAcct>
                <Id>
                  <IBAN>HR8823600001000000013</IBAN>
                </Id>
              </CdtrAcct>
            </RltdPties>
            <RmtInf>
              <Strd>
                <CdtrRefInf>
                  <Tp>
                    <CdOrPrtry>
                      <Cd>SCOR</Cd>
                    </CdOrPrtry>
                  </Tp>
                  <Ref>HR175701636199</Ref>
                </CdtrRefInf>
                <AddtlRmtInf>Plaćanje po Visa Business kartici</AddtlRmtInf>
              </Strd>
            </RmtInf>
          </TxDtls>
        </NtryDtls>
      </Ntry>
    </Stmt>
  </BkToCstmrStmt>
</Document>
