<?xml version='1.0' encoding='UTF-8'?>
<Document xmlns="urn:iso:std:iso:20022:tech:xsd:camt.053.001.08" xmlns:xsi="http://www.w3.org/2001/XMLSchema-instance" xsi:schemaLocation="urn:iso:std:iso:20022:tech:xsd:camt.053.001.08 ./camt.053.001.08.xsd">
  <BkToCstmrStmt>
    <GrpHdr>
      <MsgId>BCS23732108701202502016967</MsgId>
      <CreDtTm>2025-02-01T04:07:40.013</CreDtTm>
    </GrpHdr>
    <Stmt>
      <Id>192668635</Id>
      <LglSeqNb>14</LglSeqNb>
      <CreDtTm>2025-02-01T04:07:40.014</CreDtTm>
      <FrToDt>
        <FrDtTm>2025-01-31T00:00:00.000</FrDtTm>
        <ToDtTm>2025-01-31T23:59:59.999</ToDtTm>
      </FrToDt>
      <RptgSrc>
        <Prtry>ZABAHR2XXXX92963223473</Prtry>
      </RptgSrc>
      <Acct>
        <Id>
          <IBAN>HR2423600001102568092</IBAN>
        </Id>
        <Ccy>EUR</Ccy>
        <Nm>redovan račun vrste 11</Nm>
        <Ownr>
          <Nm>EBIZ D.O.O.</Nm>
          <PstlAdr>
            <AdrLine>ZAGREB</AdrLine>
            <AdrLine>PRISAVLJE 10</AdrLine>
          </PstlAdr>
          <Id>
            <OrgId>
              <Othr>
                <Id>23732108701</Id>
              </Othr>
            </OrgId>
          </Id>
        </Ownr>
      </Acct>
      <Bal>
        <Tp>
          <CdOrPrtry>
            <Cd>OPBD</Cd>
          </CdOrPrtry>
        </Tp>
        <Amt Ccy="EUR">7185.42</Amt>
        <CdtDbtInd>CRDT</CdtDbtInd>
        <Dt>
          <Dt>2025-01-31</Dt>
        </Dt>
      </Bal>
      <Bal>
        <Tp>
          <CdOrPrtry>
            <Cd>CLBD</Cd>
          </CdOrPrtry>
        </Tp>
        <Amt Ccy="EUR">6385.41</Amt>
        <CdtDbtInd>CRDT</CdtDbtInd>
        <Dt>
          <Dt>2025-01-31</Dt>
        </Dt>
      </Bal>
      <TxsSummry>
        <TtlCdtNtries>
          <NbOfNtries>0</NbOfNtries>
          <Sum>0.00</Sum>
        </TtlCdtNtries>
        <TtlDbtNtries>
          <NbOfNtries>2</NbOfNtries>
          <Sum>800.01</Sum>
        </TtlDbtNtries>
      </TxsSummry>
      <Ntry>
        <Amt Ccy="EUR">553.01</Amt>
        <CdtDbtInd>DBIT</CdtDbtInd>
        <RvslInd>false</RvslInd>
        <Sts>
          <Cd>BOOK</Cd>
        </Sts>
        <BookgDt>
          <DtTm>2025-01-31T07:00:30.131</DtTm>
        </BookgDt>
        <ValDt>
          <Dt>2025-01-31</Dt>
        </ValDt>
        <AcctSvcrRef>HPKR2250131085975816213</AcctSvcrRef>
        <BkTxCd>
          <Domn>
            <Cd>PMNT</Cd>
            <Fmly>
              <Cd>ICDT</Cd>
              <SubFmlyCd>STDO</SubFmlyCd>
            </Fmly>
          </Domn>
        </BkTxCd>
        <NtryDtls>
          <TxDtls>
            <Refs>
              <AcctSvcrRef>H180250310014317</AcctSvcrRef>
              <EndToEndId>HR99</EndToEndId>
            </Refs>
            <AmtDtls>
              <TxAmt>
                <Amt Ccy="EUR">553.01</Amt>
              </TxAmt>
            </AmtDtls>
            <RltdPties>
              <Cdtr>
                <Pty>
                  <Nm>EBIZ D.O.O.</Nm>
                  <PstlAdr>
                    <AdrLine>PRISAVLJE 10</AdrLine>
                    <AdrLine>ZAGREB</AdrLine>
                  </PstlAdr>
                </Pty>
              </Cdtr>
              <CdtrAcct>
                <Id>
                  <IBAN>HR8823600001000000013</IBAN>
                </Id>
              </CdtrAcct>
            </RltdPties>
            <RmtInf>
              <Strd>
                <CdtrRefInf>
                  <Tp>
                    <CdOrPrtry>
                      <Cd>SCOR</Cd>
                    </CdOrPrtry>
                  </Tp>
                  <Ref>HR175100659391</Ref>
                </CdtrRefInf>
                <AddtlRmtInf>Plaćanje kredita TN-om      0701100460</AddtlRmtInf>
              </Strd>
            </RmtInf>
          </TxDtls>
        </NtryDtls>
      </Ntry>
      <Ntry>
        <Amt Ccy="EUR">247.00</Amt>
        <CdtDbtInd>DBIT</CdtDbtInd>
        <RvslInd>false</RvslInd>
        <Sts>
          <Cd>BOOK</Cd>
        </Sts>
        <BookgDt>
          <DtTm>2025-01-31T10:39:20.197</DtTm>
        </BookgDt>
        <ValDt>
          <Dt>2025-01-31</Dt>
        </ValDt>
        <AcctSvcrRef>LMZ02250131086676381723</AcctSvcrRef>
        <BkTxCd>
          <Domn>
            <Cd>PMNT</Cd>
            <Fmly>
              <Cd>ICDT</Cd>
              <SubFmlyCd>DMCT</SubFmlyCd>
            </Fmly>
          </Domn>
        </BkTxCd>
        <NtryDtls>
          <TxDtls>
            <Refs>
              <AcctSvcrRef>L180250310008445</AcctSvcrRef>
              <EndToEndId>HR99</EndToEndId>
            </Refs>
            <AmtDtls>
              <TxAmt>
                <Amt Ccy="EUR">247.00</Amt>
              </TxAmt>
            </AmtDtls>
            <RltdPties>
              <Cdtr>
                <Pty>
                  <Nm>INSTAR CENTER d.o.o.</Nm>
                  <PstlAdr>
                    <AdrLine>Ulica Andrije Ka?i?a Mi</AdrLine>
                    <AdrLine>Velika Gorica</AdrLine>
                  </PstlAdr>
                </Pty>
              </Cdtr>
              <CdtrAcct>
                <Id>
                  <IBAN>HR2823600001101291985</IBAN>
                </Id>
              </CdtrAcct>
            </RltdPties>
            <Purp>
              <Cd>GDDS</Cd>
            </Purp>
            <RmtInf>
              <Strd>
                <CdtrRefInf>
                  <Tp>
                    <CdOrPrtry>
                      <Cd>SCOR</Cd>
                    </CdOrPrtry>
                  </Tp>
                  <Ref>HR0030-2501-923</Ref>
                </CdtrRefInf>
                <AddtlRmtInf>Uplata po ponudi br. 923/30/1063</AddtlRmtInf>
              </Strd>
            </RmtInf>
          </TxDtls>
        </NtryDtls>
      </Ntry>
    </Stmt>
  </BkToCstmrStmt>
</Document>
