<?xml version='1.0' encoding='UTF-8'?>
<Document xmlns="urn:iso:std:iso:20022:tech:xsd:camt.053.001.08" xmlns:xsi="http://www.w3.org/2001/XMLSchema-instance" xsi:schemaLocation="urn:iso:std:iso:20022:tech:xsd:camt.053.001.08 ./camt.053.001.08.xsd">
  <BkToCstmrStmt>
    <GrpHdr>
      <MsgId>BCS237321087012025011112175</MsgId>
      <CreDtTm>2025-01-11T04:16:48.027</CreDtTm>
    </GrpHdr>
    <Stmt>
      <Id>192053083</Id>
      <LglSeqNb>4</LglSeqNb>
      <CreDtTm>2025-01-11T04:16:48.028</CreDtTm>
      <FrToDt>
        <FrDtTm>2025-01-10T00:00:00.000</FrDtTm>
        <ToDtTm>2025-01-10T23:59:59.999</ToDtTm>
      </FrToDt>
      <RptgSrc>
        <Prtry>ZABAHR2XXXX92963223473</Prtry>
      </RptgSrc>
      <Acct>
        <Id>
          <IBAN>HR2423600001102568092</IBAN>
        </Id>
        <Ccy>EUR</Ccy>
        <Nm>redovan račun vrste 11</Nm>
        <Ownr>
          <Nm>EBIZ D.O.O.</Nm>
          <PstlAdr>
            <AdrLine>ZAGREB</AdrLine>
            <AdrLine>PRISAVLJE 10</AdrLine>
          </PstlAdr>
          <Id>
            <OrgId>
              <Othr>
                <Id>23732108701</Id>
              </Othr>
            </OrgId>
          </Id>
        </Ownr>
      </Acct>
      <Bal>
        <Tp>
          <CdOrPrtry>
            <Cd>OPBD</Cd>
          </CdOrPrtry>
        </Tp>
        <Amt Ccy="EUR">41393.87</Amt>
        <CdtDbtInd>CRDT</CdtDbtInd>
        <Dt>
          <Dt>2025-01-10</Dt>
        </Dt>
      </Bal>
      <Bal>
        <Tp>
          <CdOrPrtry>
            <Cd>CLBD</Cd>
          </CdOrPrtry>
        </Tp>
        <Amt Ccy="EUR">7239.88</Amt>
        <CdtDbtInd>CRDT</CdtDbtInd>
        <Dt>
          <Dt>2025-01-10</Dt>
        </Dt>
      </Bal>
      <TxsSummry>
        <TtlCdtNtries>
          <NbOfNtries>0</NbOfNtries>
          <Sum>0.00</Sum>
        </TtlCdtNtries>
        <TtlDbtNtries>
          <NbOfNtries>10</NbOfNtries>
          <Sum>34153.99</Sum>
        </TtlDbtNtries>
      </TxsSummry>
      <Ntry>
        <Amt Ccy="EUR">28.13</Amt>
        <CdtDbtInd>DBIT</CdtDbtInd>
        <RvslInd>false</RvslInd>
        <Sts>
          <Cd>BOOK</Cd>
        </Sts>
        <BookgDt>
          <DtTm>2025-01-10T04:05:04.246</DtTm>
        </BookgDt>
        <ValDt>
          <Dt>2025-01-10</Dt>
        </ValDt>
        <AcctSvcrRef>HBN01250101026561226213</AcctSvcrRef>
        <BkTxCd>
          <Domn>
            <Cd>ACMT</Cd>
            <Fmly>
              <Cd>MDOP</Cd>
              <SubFmlyCd>CHRG</SubFmlyCd>
            </Fmly>
          </Domn>
        </BkTxCd>
        <NtryDtls>
          <TxDtls>
            <Refs>
              <AcctSvcrRef>H180250010205934</AcctSvcrRef>
              <EndToEndId>HR001102568092</EndToEndId>
            </Refs>
            <AmtDtls>
              <TxAmt>
                <Amt Ccy="EUR">28.13</Amt>
              </TxAmt>
            </AmtDtls>
            <RltdPties>
              <Cdtr>
                <Pty>
                  <Nm>ZAGREBAČKA BANKA D.D.</Nm>
                  <PstlAdr>
                    <AdrLine>TRG BANA JOSIPA JELAČIĆA 10</AdrLine>
                    <AdrLine>ZAGREB</AdrLine>
                  </PstlAdr>
                </Pty>
              </Cdtr>
              <CdtrAcct>
                <Id>
                  <IBAN>HR8823600001000000013</IBAN>
                </Id>
              </CdtrAcct>
            </RltdPties>
            <RmtInf>
              <Strd>
                <CdtrRefInf>
                  <Tp>
                    <CdOrPrtry>
                      <Cd>SCOR</Cd>
                    </CdOrPrtry>
                  </Tp>
                  <Ref>HR01110256809224-36600-6</Ref>
                </CdtrRefInf>
                <AddtlRmtInf>NAPLATA NAKNADE PO RAČUNU OD 31.12.2024</AddtlRmtInf>
              </Strd>
            </RmtInf>
          </TxDtls>
        </NtryDtls>
      </Ntry>
      <Ntry>
        <Amt Ccy="EUR">43.74</Amt>
        <CdtDbtInd>DBIT</CdtDbtInd>
        <RvslInd>false</RvslInd>
        <Sts>
          <Cd>BOOK</Cd>
        </Sts>
        <BookgDt>
          <DtTm>2025-01-10T04:05:04.251</DtTm>
        </BookgDt>
        <ValDt>
          <Dt>2025-01-10</Dt>
        </ValDt>
        <AcctSvcrRef>HPKR2250101027979446213</AcctSvcrRef>
        <BkTxCd>
          <Domn>
            <Cd>PMNT</Cd>
            <Fmly>
              <Cd>ICDT</Cd>
              <SubFmlyCd>STDO</SubFmlyCd>
            </Fmly>
          </Domn>
        </BkTxCd>
        <NtryDtls>
          <TxDtls>
            <Refs>
              <AcctSvcrRef>H180250010714109</AcctSvcrRef>
              <EndToEndId>HR99</EndToEndId>
            </Refs>
            <AmtDtls>
              <TxAmt>
                <Amt Ccy="EUR">43.74</Amt>
              </TxAmt>
            </AmtDtls>
            <RltdPties>
              <Cdtr>
                <Pty>
                  <Nm>EBIZ D.O.O.</Nm>
                  <PstlAdr>
                    <AdrLine>PRISAVLJE 10</AdrLine>
                    <AdrLine>ZAGREB</AdrLine>
                  </PstlAdr>
                </Pty>
              </Cdtr>
              <CdtrAcct>
                <Id>
                  <IBAN>HR8823600001000000013</IBAN>
                </Id>
              </CdtrAcct>
            </RltdPties>
            <RmtInf>
              <Strd>
                <CdtrRefInf>
                  <Tp>
                    <CdOrPrtry>
                      <Cd>SCOR</Cd>
                    </CdOrPrtry>
                  </Tp>
                  <Ref>HR175100659391</Ref>
                </CdtrRefInf>
                <AddtlRmtInf>Plaćanje kredita TN-om      0701100460</AddtlRmtInf>
              </Strd>
            </RmtInf>
          </TxDtls>
        </NtryDtls>
      </Ntry>
      <Ntry>
        <Amt Ccy="EUR">280.50</Amt>
        <CdtDbtInd>DBIT</CdtDbtInd>
        <RvslInd>false</RvslInd>
        <Sts>
          <Cd>BOOK</Cd>
        </Sts>
        <BookgDt>
          <DtTm>2025-01-10T09:47:21.621</DtTm>
        </BookgDt>
        <ValDt>
          <Dt>2025-01-10</Dt>
        </ValDt>
        <AcctSvcrRef>LMZ02250110043635721723</AcctSvcrRef>
        <BkTxCd>
          <Domn>
            <Cd>PMNT</Cd>
            <Fmly>
              <Cd>ICDT</Cd>
              <SubFmlyCd>DMCT</SubFmlyCd>
            </Fmly>
          </Domn>
        </BkTxCd>
        <NtryDtls>
          <TxDtls>
            <Refs>
              <AcctSvcrRef>L180250100009517</AcctSvcrRef>
              <EndToEndId>HR99</EndToEndId>
            </Refs>
            <AmtDtls>
              <TxAmt>
                <Amt Ccy="EUR">280.50</Amt>
              </TxAmt>
            </AmtDtls>
            <RltdPties>
              <Cdtr>
                <Pty>
                  <Nm>DACCO d.o.o.</Nm>
                  <PstlAdr>
                    <AdrLine>Ulica Vjekoslava Heinzela</AdrLine>
                    <AdrLine>Zagreb</AdrLine>
                  </PstlAdr>
                </Pty>
              </Cdtr>
              <CdtrAcct>
                <Id>
                  <IBAN>HR9324020061100290791</IBAN>
                </Id>
              </CdtrAcct>
            </RltdPties>
            <RmtInf>
              <Strd>
                <CdtrRefInf>
                  <Tp>
                    <CdOrPrtry>
                      <Cd>SCOR</Cd>
                    </CdOrPrtry>
                  </Tp>
                  <Ref>HR0047-2025</Ref>
                </CdtrRefInf>
                <AddtlRmtInf>Ponuda 47-2025-1</AddtlRmtInf>
              </Strd>
            </RmtInf>
          </TxDtls>
        </NtryDtls>
      </Ntry>
      <Ntry>
        <Amt Ccy="EUR">30000.00</Amt>
        <CdtDbtInd>DBIT</CdtDbtInd>
        <RvslInd>false</RvslInd>
        <Sts>
          <Cd>BOOK</Cd>
        </Sts>
        <BookgDt>
          <DtTm>2025-01-10T10:12:01.799</DtTm>
        </BookgDt>
        <ValDt>
          <Dt>2025-01-10</Dt>
        </ValDt>
        <AcctSvcrRef>IIB03250110043844926605</AcctSvcrRef>
        <BkTxCd>
          <Domn>
            <Cd>PMNT</Cd>
            <Fmly>
              <Cd>ICDT</Cd>
              <SubFmlyCd>DMCT</SubFmlyCd>
            </Fmly>
          </Domn>
        </BkTxCd>
        <NtryDtls>
          <TxDtls>
            <Refs>
              <AcctSvcrRef>I180250100055795</AcctSvcrRef>
              <EndToEndId>HR99</EndToEndId>
            </Refs>
            <AmtDtls>
              <TxAmt>
                <Amt Ccy="EUR">30000.00</Amt>
              </TxAmt>
            </AmtDtls>
            <RltdPties>
              <Cdtr>
                <Pty>
                  <Nm>Darko Mijić</Nm>
                  <PstlAdr>
                    <AdrLine>Prisavlje 10</AdrLine>
                    <AdrLine>Zagreb</AdrLine>
                  </PstlAdr>
                </Pty>
              </Cdtr>
              <CdtrAcct>
                <Id>
                  <IBAN>HR1423600003244359021</IBAN>
                </Id>
              </CdtrAcct>
            </RltdPties>
            <RmtInf>
              <Strd>
                <CdtrRefInf>
                  <Tp>
                    <CdOrPrtry>
                      <Cd>SCOR</Cd>
                    </CdOrPrtry>
                  </Tp>
                  <Ref>HR99</Ref>
                </CdtrRefInf>
                <AddtlRmtInf>Pozajmnica</AddtlRmtInf>
              </Strd>
            </RmtInf>
          </TxDtls>
        </NtryDtls>
      </Ntry>
      <Ntry>
        <Amt Ccy="EUR">468.03</Amt>
        <CdtDbtInd>DBIT</CdtDbtInd>
        <RvslInd>false</RvslInd>
        <Sts>
          <Cd>BOOK</Cd>
        </Sts>
        <BookgDt>
          <DtTm>2025-01-10T10:15:30.359</DtTm>
        </BookgDt>
        <ValDt>
          <Dt>2025-01-10</Dt>
        </ValDt>
        <AcctSvcrRef>LMZ02250110043868201723</AcctSvcrRef>
        <BkTxCd>
          <Domn>
            <Cd>PMNT</Cd>
            <Fmly>
              <Cd>ICDT</Cd>
              <SubFmlyCd>DMCT</SubFmlyCd>
            </Fmly>
          </Domn>
        </BkTxCd>
        <NtryDtls>
          <TxDtls>
            <Refs>
              <AcctSvcrRef>L180250100011171</AcctSvcrRef>
              <EndToEndId>HR99</EndToEndId>
            </Refs>
            <AmtDtls>
              <TxAmt>
                <Amt Ccy="EUR">468.03</Amt>
              </TxAmt>
            </AmtDtls>
            <RltdPties>
              <Cdtr>
                <Pty>
                  <Nm>Državni proračun</Nm>
                </Pty>
              </Cdtr>
              <CdtrAcct>
                <Id>
                  <IBAN>HR1210010051863000160</IBAN>
                </Id>
              </CdtrAcct>
            </RltdPties>
            <RmtInf>
              <Strd>
                <CdtrRefInf>
                  <Tp>
                    <CdOrPrtry>
                      <Cd>SCOR</Cd>
                    </CdOrPrtry>
                  </Tp>
                  <Ref>HR688168-23732108701-25010</Ref>
                </CdtrRefInf>
                <AddtlRmtInf>Plaća 12/2024 Doprinos MIO</AddtlRmtInf>
              </Strd>
            </RmtInf>
          </TxDtls>
        </NtryDtls>
      </Ntry>
      <Ntry>
        <Amt Ccy="EUR">163.16</Amt>
        <CdtDbtInd>DBIT</CdtDbtInd>
        <RvslInd>false</RvslInd>
        <Sts>
          <Cd>BOOK</Cd>
        </Sts>
        <BookgDt>
          <DtTm>2025-01-10T10:15:46.476</DtTm>
        </BookgDt>
        <ValDt>
          <Dt>2025-01-10</Dt>
        </ValDt>
        <AcctSvcrRef>LMZ02250110043867971723</AcctSvcrRef>
        <BkTxCd>
          <Domn>
            <Cd>PMNT</Cd>
            <Fmly>
              <Cd>ICDT</Cd>
              <SubFmlyCd>DMCT</SubFmlyCd>
            </Fmly>
          </Domn>
        </BkTxCd>
        <NtryDtls>
          <TxDtls>
            <Refs>
              <AcctSvcrRef>L180250100011175</AcctSvcrRef>
              <EndToEndId>HR99</EndToEndId>
            </Refs>
            <AmtDtls>
              <TxAmt>
                <Amt Ccy="EUR">163.16</Amt>
              </TxAmt>
            </AmtDtls>
            <RltdPties>
              <Cdtr>
                <Pty>
                  <Nm>REGOS</Nm>
                </Pty>
              </Cdtr>
              <CdtrAcct>
                <Id>
                  <IBAN>HR7610010051700036001</IBAN>
                </Id>
              </CdtrAcct>
            </RltdPties>
            <RmtInf>
              <Strd>
                <CdtrRefInf>
                  <Tp>
                    <CdOrPrtry>
                      <Cd>SCOR</Cd>
                    </CdOrPrtry>
                  </Tp>
                  <Ref>HR682283-23732108701-25010</Ref>
                </CdtrRefInf>
                <AddtlRmtInf>Plaća 12/2024 Doprinos MIO</AddtlRmtInf>
              </Strd>
            </RmtInf>
          </TxDtls>
        </NtryDtls>
      </Ntry>
      <Ntry>
        <Amt Ccy="EUR">538.43</Amt>
        <CdtDbtInd>DBIT</CdtDbtInd>
        <RvslInd>false</RvslInd>
        <Sts>
          <Cd>BOOK</Cd>
        </Sts>
        <BookgDt>
          <DtTm>2025-01-10T10:16:02.238</DtTm>
        </BookgDt>
        <ValDt>
          <Dt>2025-01-10</Dt>
        </ValDt>
        <AcctSvcrRef>LMZ02250110043874611723</AcctSvcrRef>
        <BkTxCd>
          <Domn>
            <Cd>PMNT</Cd>
            <Fmly>
              <Cd>ICDT</Cd>
              <SubFmlyCd>DMCT</SubFmlyCd>
            </Fmly>
          </Domn>
        </BkTxCd>
        <NtryDtls>
          <TxDtls>
            <Refs>
              <AcctSvcrRef>L180250100011187</AcctSvcrRef>
              <EndToEndId>HR99</EndToEndId>
            </Refs>
            <AmtDtls>
              <TxAmt>
                <Amt Ccy="EUR">538.43</Amt>
              </TxAmt>
            </AmtDtls>
            <RltdPties>
              <Cdtr>
                <Pty>
                  <Nm>HZZO</Nm>
                </Pty>
              </Cdtr>
              <CdtrAcct>
                <Id>
                  <IBAN>HR6510010051550100001</IBAN>
                </Id>
              </CdtrAcct>
            </RltdPties>
            <RmtInf>
              <Strd>
                <CdtrRefInf>
                  <Tp>
                    <CdOrPrtry>
                      <Cd>SCOR</Cd>
                    </CdOrPrtry>
                  </Tp>
                  <Ref>HR688486-23732108701-25010</Ref>
                </CdtrRefInf>
                <AddtlRmtInf>Plaća 12/2024 Doprinos ZO</AddtlRmtInf>
              </Strd>
            </RmtInf>
          </TxDtls>
        </NtryDtls>
      </Ntry>
      <Ntry>
        <Amt Ccy="EUR">337.96</Amt>
        <CdtDbtInd>DBIT</CdtDbtInd>
        <RvslInd>false</RvslInd>
        <Sts>
          <Cd>BOOK</Cd>
        </Sts>
        <BookgDt>
          <DtTm>2025-01-10T10:16:19.759</DtTm>
        </BookgDt>
        <ValDt>
          <Dt>2025-01-10</Dt>
        </ValDt>
        <AcctSvcrRef>LMZ02250110043874981723</AcctSvcrRef>
        <BkTxCd>
          <Domn>
            <Cd>PMNT</Cd>
            <Fmly>
              <Cd>ICDT</Cd>
              <SubFmlyCd>DMCT</SubFmlyCd>
            </Fmly>
          </Domn>
        </BkTxCd>
        <NtryDtls>
          <TxDtls>
            <Refs>
              <AcctSvcrRef>L180250100011208</AcctSvcrRef>
              <EndToEndId>HR99</EndToEndId>
            </Refs>
            <AmtDtls>
              <TxAmt>
                <Amt Ccy="EUR">337.96</Amt>
              </TxAmt>
            </AmtDtls>
            <RltdPties>
              <Cdtr>
                <Pty>
                  <Nm>Porez</Nm>
                  <PstlAdr>
                    <AdrLine>Zagreb</AdrLine>
                  </PstlAdr>
                </Pty>
              </Cdtr>
              <CdtrAcct>
                <Id>
                  <IBAN>HR1110010051713312009</IBAN>
                </Id>
              </CdtrAcct>
            </RltdPties>
            <RmtInf>
              <Strd>
                <CdtrRefInf>
                  <Tp>
                    <CdOrPrtry>
                      <Cd>SCOR</Cd>
                    </CdOrPrtry>
                  </Tp>
                  <Ref>HR681880-23732108701-25010</Ref>
                </CdtrRefInf>
                <AddtlRmtInf>Plaća 12/2024 Zagreb</AddtlRmtInf>
              </Strd>
            </RmtInf>
          </TxDtls>
        </NtryDtls>
      </Ntry>
      <Ntry>
        <Amt Ccy="EUR">777.74</Amt>
        <CdtDbtInd>DBIT</CdtDbtInd>
        <RvslInd>false</RvslInd>
        <Sts>
          <Cd>BOOK</Cd>
        </Sts>
        <BookgDt>
          <DtTm>2025-01-10T10:16:34.477</DtTm>
        </BookgDt>
        <ValDt>
          <Dt>2025-01-10</Dt>
        </ValDt>
        <AcctSvcrRef>LMZ02250110043882651723</AcctSvcrRef>
        <BkTxCd>
          <Domn>
            <Cd>PMNT</Cd>
            <Fmly>
              <Cd>ICDT</Cd>
              <SubFmlyCd>DMCT</SubFmlyCd>
            </Fmly>
          </Domn>
        </BkTxCd>
        <NtryDtls>
          <TxDtls>
            <Refs>
              <AcctSvcrRef>L180250100011217</AcctSvcrRef>
              <EndToEndId>HR99</EndToEndId>
            </Refs>
            <AmtDtls>
              <TxAmt>
                <Amt Ccy="EUR">777.74</Amt>
              </TxAmt>
            </AmtDtls>
            <RltdPties>
              <Cdtr>
                <Pty>
                  <Nm>Darko Mijić - ZABA</Nm>
                  <PstlAdr>
                    <AdrLine>Zagreb</AdrLine>
                  </PstlAdr>
                </Pty>
              </Cdtr>
              <CdtrAcct>
                <Id>
                  <IBAN>HR1423600003244359021</IBAN>
                </Id>
              </CdtrAcct>
            </RltdPties>
            <Purp>
              <Cd>SALA</Cd>
            </Purp>
            <RmtInf>
              <Strd>
                <CdtrRefInf>
                  <Tp>
                    <CdOrPrtry>
                      <Cd>SCOR</Cd>
                    </CdOrPrtry>
                  </Tp>
                  <Ref>HR6940002-23732108701-100</Ref>
                </CdtrRefInf>
                <AddtlRmtInf>Plaća 12/2024 Darko Mijić</AddtlRmtInf>
              </Strd>
            </RmtInf>
          </TxDtls>
        </NtryDtls>
      </Ntry>
      <Ntry>
        <Amt Ccy="EUR">1516.30</Amt>
        <CdtDbtInd>DBIT</CdtDbtInd>
        <RvslInd>false</RvslInd>
        <Sts>
          <Cd>BOOK</Cd>
        </Sts>
        <BookgDt>
          <DtTm>2025-01-10T10:17:15.195</DtTm>
        </BookgDt>
        <ValDt>
          <Dt>2025-01-10</Dt>
        </ValDt>
        <AcctSvcrRef>LMZ02250110043884731723</AcctSvcrRef>
        <BkTxCd>
          <Domn>
            <Cd>PMNT</Cd>
            <Fmly>
              <Cd>ICDT</Cd>
              <SubFmlyCd>DMCT</SubFmlyCd>
            </Fmly>
          </Domn>
        </BkTxCd>
        <NtryDtls>
          <TxDtls>
            <Refs>
              <AcctSvcrRef>L180250100011239</AcctSvcrRef>
              <EndToEndId>HR99</EndToEndId>
            </Refs>
            <AmtDtls>
              <TxAmt>
                <Amt Ccy="EUR">1516.30</Amt>
              </TxAmt>
            </AmtDtls>
            <RltdPties>
              <Cdtr>
                <Pty>
                  <Nm>Tomislav Mihić</Nm>
                  <PstlAdr>
                    <AdrLine>Zagreb</AdrLine>
                  </PstlAdr>
                </Pty>
              </Cdtr>
              <CdtrAcct>
                <Id>
                  <IBAN>HR4923400093212825296</IBAN>
                </Id>
              </CdtrAcct>
            </RltdPties>
            <Purp>
              <Cd>SALA</Cd>
            </Purp>
            <RmtInf>
              <Strd>
                <CdtrRefInf>
                  <Tp>
                    <CdOrPrtry>
                      <Cd>SCOR</Cd>
                    </CdOrPrtry>
                  </Tp>
                  <Ref>HR6940002-23732108701-100</Ref>
                </CdtrRefInf>
                <AddtlRmtInf>Plaća 12/2024 Tomislav Mihić Tomlje</AddtlRmtInf>
              </Strd>
            </RmtInf>
          </TxDtls>
        </NtryDtls>
      </Ntry>
    </Stmt>
  </BkToCstmrStmt>
</Document>
